2592 4688
329 323 698 402 aanraornrn
990 328 1062 418 287

830 493 850 520 ·Ι

65 528 241 615 nisusque
267 529 308 592 ad
329 529 419 616 Skog
439 529 641 618 naufragia,
671 530 729 595 aed
750 529 830 596 dein
851 549 920 596 non
940 527 1007 596 nisi
1026 527 1064 594 in

65 615 255 680 formatione
278 616 482 681 transitionis
503 615 727 682 Jemllantliae.

39 701 122 764 Planta
147 707 229 762 ultra
255 705 369 782 pedem
398 705 458 764 alta
486 705 623 784 undique
644 726 709 764 non
729 725 839 785 parurn
862 701 983 762 visooae
1005 721 1066 780 pu-

15 789 105 848 locens.
153 791 239 850 Folia
267 792 414 850 inferiora
443 792 624 870 oblongae,
654 811 747 871 saepe
777 789 941 849 latitudine
970 787 1065 866 digiti.

14 873 78 933 llorea
98 898 218 959 quoque
237 878 365 936 uroximi
391 877 487 958 hujus
507 879 636 956 generis.
682 877 831 958 Capsulae
855 872 1065 953 magnitudine

16 963 96 1022 inuno
115 965 204 1022 sabae
227 964 260 1020 in
281 975 317 1037 β,
337 963 524 1042 aliquantum
546 964 648 1024 minor
666 965 700 1022 in
718 993 746 1028 α.
790 961 898 1022 Planta
916 961 1066 1020 interme·

16 1047 42 1102 lia
61 1050 169 1128 saepius
200 1048 467 1130 hermaphrodita‚
497 1050 584 1132 quasi
613 1073 631 1110 a
651 1052 740 1132 genio
762 1049 876 1131 speciei
893 1046 988 1126 magis
1009 1045 1065 1104 ab·

14 1153 93 1192 normis.

15 1229 55 1292 nl.
74 1227 278 1295 LYCHNIS
306 1230 466 1317 apotolos
503 1231 624 1318 petalis
650 1229 763 1296 bifidis
788 1227 926 1296 demum
949 1227 1067 1328 calyce

60 1316 165 1382 inflato
193 1316 348 1393 inclusis,
380 1318 474 1382 caule
500 1317 667 1389 unilloro.
699 1315 869 1394 seminum
899 1313 1068 1400 margini·

61 1403 112 1465 bus
129 1402 272 1467 inflatis.
318 1401 426 1467 Lina.
448 1426 535 1470 avec.
553 1407 683 1468 unm.
705 1401 799 1488 lapp.
816 1425 850 1466 n.
873 1402 945 1468 181.
964 1410 991 1465 t.
1017 1420 1068 1466 12.

57 1487 84 1572 f.
113 1512 142 1552 ι.
175 1487 304 1553 laches.
337 1487 429 1576 lapp.
463 1511 492 1557 1.
519 1511 558 1576 p.
579 1489 654 1553 501.
680 1510 716 1552 n.
738 1492 790 1551 42.
820 1510 909 1575 spec.
935 1485 984 1572 pL
1012 1484 1066 1550 ed.

61 1572 167 1638 Willd.
195 1593 226 1636 2.
243 1594 282 1660 p.
303 1571 378 1638 810.
414 1573 508 1639 Flor.
529 1571 626 1638 Dan.
649 1575 682 1638 5.
705 1583 731 1636 t.
756 1572 830 1638 805.
864 1571 1068 1654 Laestodius

64 1655 129 1724 Vel.
157 1663 226 1725 Ac·
250 1657 385 1723 Handl.
414 1657 505 1730 1822.
520 1681 558 1747 p.
578 1658 651 1725 541.
702 1657 878 1723 Waltlenb.
906 1657 1000 1745 lopp.
1032 1679 1068 1722 n.

65 1743 123 1810 245.
144 1755 172 1808 t.
196 1765 228 1828 7.
274 1743 427 1810 Gunner.
452 1767 547 1811 norv-
561 1769 592 1810 n.
605 1743 677 1810 680.
703 1742 845 1832 Hising.
864 1765 1001 1830 norr.p.
1013 1762 1069 1828 72.

38 1828 98 1893 flat.
123 1831 211 1894 locis
243 1826 382 1895 declivis
408 1830 562 1896 herbosis
591 1851 655 1918 per
678 1829 791 1910 ¹latera
815 1830 946 1976 alpium
975 1827 1066 1892 circa

67 1915 138 1980 lacos
168 1915 344 1980 maximos
366 1916 492 1982 summi
515 1913 623 2002 alpini
644 1912 717 1996 jugi
739 1925 792 1977 ut:
821 1937 838 1976 a
888 1913 1069 1998 Virihjaur

69 2003 119 2064 lere
143 2003 295 2087 ubique,
331 2000 373 2065 in*
395 2003 568 2086 Njunnus‚
602 1999 643 2064 ad
666 1996 896 2064 'l'orneintist
920 1999 1067 2086 passim3
1122 2052 1125 2061 .
1158 1997 1162 2006 ’

75 2099 200 2152 uterum
223 2088 260 2150 in
283 2087 432 2152 arenosis
453 2085 633 2152 maritimis
655 2085 826 2152 districtus
849 2085 969 2149 Faelles
988 2083 1069 2149 dicti

70 2171 237 2258 Narvegiae
258 2173 385 2240 ultimae
397 2173 497 2238 valde
515 2172 662 2264 copiose,
685 2184 725 2240 ut
744 2171 846 2239 etiam
861 2167 1067 2236 Finmarlriae

66 2269 88 2320 et
102 2258 326 2324 Nor-dlandiae
347 2257 471 2324 1·arius.
673 2259 679 2272 ‘

37 2342 109 2406 Radix
131 2349 267 2430 quidem*
289 2347 495 2423 multicaulia,
530 2347 584 2405 aed
613 2343 716 2406 caules
748 2344 831 2426 apud
858 2366 917 2404 nos
946 2365 1069 2424 semper
1089 2377 1109 2398 -.

11 2432 102 2508 otton,
131 2435 319 2516 plerumque
347 2433 499 2514 spithama
529 2454 595 2491 non
615 2431 748 2491 altiores.
788 2430 876 2490 Folia
894 2431 950 2491 vix
969 2433 1069 2491 tribus

12 2513 65 2577 lineis
86 2521 215 2594 latiora,
242 2521 429 2598 lanceolata,
462 2522 529 2580 fere
551 2520 747 2598 glaberrima,
776 2518 884 2578 sedin
906 2517 992 2577 caule
1016 2535 1070 2576 su-

14 2605 91 2678 pen'ore
119 2618 155 2666 et
186 2607 299 2687 calycia
319 2627 418 2666 venae
440 2605 639 2686 pubescentia
658 2604 851 2685 perevidens.
896 2604 993 2684 Calyx
1011 2604 1071 2662 flo-

15 2706 54 2747 rus
71 2693 224 2772 pendulus
254 2693 377 2754 circiter
406 2695 540 2774 quinque
566 2693 664 2752 lineas
686 2693 813 2770 longus,
836 2691 938 2770 petala
960 2691 1071 2750 leviter

14 2791 66 2838 rona
84 2783 117 2839 in
139 2789 286 2859 apertura
315 2801 370 2840 sua
399 2781 573 2840 ostendens.
618 2779 750 2859 Capsula
777 2797 854 2838 vero
881 2779 1016 2838 maxima
1035 2778 1071 2838 iu

12 2868 170 2946 totogcnera
200 2866 323 2926 circiter
342 2886 457 2928 novem
477 2864 576 2928 lineas
594 2865 703 2948 longa,
733 2871 832 2926 ovata.

233 2981 810 3054 1u.cnnnsrrun.
938 2957 1190 3044 „arnan

18 3086 70 3141 15²³·
76 3107 134 3159 gen·
142 3094 185 3143 ed.
192 3091 264 3143 Sebr-
270 3107 298 3143 n.
306 3102 322 3156 7
327 3103 372 3157 97.
396 3087 477 3156 Just.
487 3107 544 3160 gen.
550 3107 578 3156 p·
584 3087 646 3154 534·
671 3085 814 3152 Geren-fr.
822 3100 848 3138 ι.
854 3100 881 3150 p.
890 3095 949 3146 231.
957 3096 977 3132 n
988 3093 1048 3143 130.

8 3163 84 3255 Calyx
122 3170 386 3270 pentaphyllus,
424 3181 553 3259 patena.
607 3167 723 3232 Petala
761 3161 912 3250 quinque
954 3159 1071 3224 bifida:

1 3325 2 3328 Ἴ
30 3256 161 3342 Capsula
178 3257 399 3342 unllocularia
418 3258 494 3322 elon
518 3268 573 3322 ata
591 3251 688 3342 apice
705 3248 860 3316 dentibus
877 3246 993 3312 decem
1009 3245 1072 3311 de-

30 3340 163 3420 hiscens,
187 3343 297 3409 narius
319 3354 417 3408 ovata
439 3341 533 3430 apice
547 3334 806 3426 quinquevalvis
819 3334 868 3423 (in
882 3353 969 3420 spec.
983 3329 1071 3417 ult).

29 3459 62 3474 -
78 3426 247 3501 Herbulae
270 3428 328 3497 vel
352 3429 471 3495 radice
496 3448 614 3494 annun
627 3422 779 3518 floribus
803 3415 992 3486 minoribus
1014 3424 1071 3480 in-

29 3513 150 3580 tertam
173 3516 214 3581 5-
236 3523 270 3580 et
291 3513 455 3580 tanais
476 3545 522 3566 ··-
545 3512 602 3578 vel
622 3510 743 3576 radice
764 3503 909 3596 perenni
920 3493 1073 3593 floribus
1149 3557 1153 3562 ,
1216 3487 1220 3492 ’

28 3599 204 3686 majoribus
231 3622 366 3688 semper
387 3599 565 3688 eompletis
588 3593 805 3664 astino-525.
887 3683 889 3686 Ι

1 3691 49 3782 517.
67 3701 346 3768 CERASTIUM
364 3701 554 3768 viscosum.-
575 3719 744 3774 annuum,
765 3688 965 3784 pedunculis
987 3711 1072 3787 can-

1 3795 2 3800 ’
60 3787 152 3874 leque
176 3786 556 3875 glanduloso·hirsutis‚
579 3785 672 3851 soliis
692 3780 906 3847 subovalibua
931 3776 1070 3855 obtusis,

62 3873 176 3961 petalis
195 3874 348 3962 calycem
368 3870 656 3962 subsequentibus.
680 3868 788 3938 Lina.
799 3888 887 3936 saec.
902 3886 936 3932 n.
948 3860 1024 3927 414.
1034 3876 1070 3940 a.
