2592 4688
243 371 345 474 276·
621 371 948 451 orcAuoaJA

327 577 361 645 S.
380 577 530 666 aquatica
553 579 647 651 Poll.
666 584 739 673 pol.
759 608 793 649 n.
811 583 886 649 422.
934 579 1090 649 Decond.
1107 579 1218 670 prodr.
1237 603 1282 668 aya

370 677 443 732 not.
462 691 491 734 r.
539 669 586 735 .3
611 667 642 734 8.

283 751 374 818 Heba
403 753 445 817 ad
465 691 576 820 sutiles
590 691 768 840 iiquasque
788 755 946 842 puriores
968 751 1096 817 Svcciae
1117 751 1282 838 temperati(

255 857 261 866 ·
326 839 375 903 ris
410 839 516 926 magis
547 842 746 928 campestris
775 865 881 928 usque
908 840 948 904 ad
971 835 1169 926 Uplandiam
1196 835 1282 902 rarius

328 925 406 990 dein
433 925 495 990 vix
518 926 581 991 nisi
602 926 637 990 in
659 928 839 1014 Lapponia
865 924 992 992 Pitensi
1011 923 1126 990 infima
1147 923 1186 987 ad
1204 922 1282 986 Glcu

327 1011 510 1076 merstriisk
533 1011 774 1101 (Laestaclius).

220 1132 223 1139 ·
285 1097 386 1158 Radix
410 1118 520 1162 annua.
564 1099 664 1160 Herba
684 1089 805 1182 qiroque
828 1101 919 1162 valde
941 1102 1014 1160 laxa
1035 1109 1066 1160 et
1084 1098 1191 1158 flexilis
1198 1141 1205 1172 ,
1229 1098 1283 1156 inte:

207 1211 210 1216 ’
245 1183 319 1253 dum
337 1185 450 1264 pedem
474 1186 579 1265 longa,
612 1187 714 1268 itaque
736 1209 777 1248 ex
797 1188 964 1267 majoribus
985 1187 1078 1268 hujus
1098 1185 1202 1244 tribus.
1240 1183 1283 1242 Fol

243 1290 337 1350 saepe
363 1281 494 1353 quatuor
517 1275 614 1332 lineas
641 1275 719 1351 lata,
749 1275 950 1336 crassiuscula
972 1275 1061 1334 etad
1081 1272 1193 1352 apicem
1215 1286 1283 1348 punct

242 1360 309 1420 fere
338 1357 506 1439 nigricante
531 1360 669 1438 insignia.
712 1359 857 1421 Bracteae
880 1361 1126 1442 pedunculorum
1145 1357 1227 1418 valde
1246 1355 1283 1414 alh

190 1473 194 1482 ¹
244 1453 357 1588 cantles.
390 1444 532 1542 'calyces
563 1467 690 1540 quoque·
715 1447 979 1530 albo-maiginati,
1012 1444 1224 1528 sesquitertiam
1246 1442 1283 1500 liu

243 1552 294 1590 arn
327 1551 366 1588 on
400 1573 406 1590 .
441 1543 443 1558 ¹

243 1612 316 1702 494.
342 1551 612 1680 S'gllELLARlA
635 1615 838 1704 bumisusa:
860 1614 950 1688 soliis
971 1605 1283 1698 ovato-oblongissul

328 1699 503 1782 secundis,
535 1701 688 1766 caulibus
710 1702 888 1790 prostratis
910 1700 1111 1786 tetragonis,
1140 1694 1283 1787 peduncul

329 1785 489 1852 solitariis
517 1785 713 1855 axillaribus
740 1787 821 1852 folia
854 1785 1146 1872 subaequatitibus,
1166 1783 1283 1869 calyces

329 1872 427 1938 nervi
449 1872 570 1937 obtuso
618 1874 712 1939 etalis
733 1872 901 1940 breviore.
947 1871 1106 1940 Roatbott
1127 1871 1203 1936 Act.
1219 1861 1283 1950 Host

332 1979 382 2024 10.
403 1980 439 2044 p.
460 1956 513 2040 47.
536 1967 559 2022 t.
604 2009 612 2024 .
635 1983 669 2024 n.
688 1962 738 2024 14.
775 1958 913 2023 Swartz
932 1957 973 2027 V
968 1971 1011 2024 et.
1025 1959 1090 2026 Ac.
1102 1954 1225 2022 Hondl.
1237 1948 1283 2032 1534

328 2064 365 2127 p.
389 2045 459 2108 125.
484 2045 508 2106 ti
530 2041 561 2106 6.
585 2043 616 2126 f.
637 2067 664 2109 1.
710 2042 949 2130 (Zattarateclt‘
964 2068 1031 2110 res.
1056 2065 1094 2114 2.
1107 2066 1143 2129 p.
1162 2037 1245 2120 mut)

291 2127 381 2192 Hab.
411 2124 449 2189 in
476 2125 648 2194 littoribus
680 2131 782 2194 maris
814 2129 853 2193 ad
884 2130 1119 2196 Fiumarlriam
1145 2121 1283 2192 orientale

332 2211 491 2296 inprimis
512 2212 710 2298 Varangriae
734 2215 878 2300 passim.
904 2216 1124 2280 Nordlandiae
1143 2235 1224 2278 raro.

289 2297 390 2360 Radix
406 2321 507 2358 annua
521 2303 718 2377 tenuissima,
733 2323 809 2382 vage
820 2323 941 2382 repens.
965 2305 1074 2365 Planta
1084 2311 1148 2361 tota
1158 2299 1236 2362 valde
1245 2313 1284 2378 mo

119 2417 126 2425 ·
190 2435 193 2447 i
219 2391 229 2426 ’·
247 2386 296 2463 lis,
318 2384 444 2448 omnino
456 2387 566 2446 debilia
578 2399 610 2447 et
620 2389 768 2465 flexuosa,
784 2389 976 2470 longitudine
988 2391 1082 2466 varia,
1099 2386 1220 2469 digitalis
1229 2405 1252 2442 v.
1260 2399 1284 2456 sp

246 2473 396 2534 thamaea„
437 2472 523 2532 Folia
552 2476 735 2556 plerumque
766 2486 897 2555 quatuor
924 2479 1022 2537 lineas
1048 2478 1151 2555 longa,
1184 2466 1284 2531 carnosi]

222 2559 234 2572 '
248 2561 342 2620 scula„
392 2558 564 2620 Pedunculi
599 2563 802 2624 crassiusculi.
860 2564 958 2644 Calyx
987 2583 1109 2645 quoque
1137 2561 1234 2631 latior,
1260 2552 1284 2609 set

248 2645 334 2789 ditias·
348 2644 445 2705 lineas
468 2646 588 2726 longus.
629 2648 738 2711 *Patala
762 2650 879 2710 obnisa.
898 2683 943 2698 -
964 2649 1111 2732 Sequenti
1131 2657 1223 2707 tamen
1241 2638 1284 2699 val<

249 2752 268 2788 ι
304 2753 351 2790 urs
374 2740 429 2790 est.

22 2839 55 2908 ,¹
95 2819 140 2898 ,Ηῖ
162 2837 182 2889 ’,
249 2813 622 2901 495.STELLAR1A
649 2815 871 2904 crossifolio:
902 2815 991 2888 loliis
1016 2809 1284 2884 ovato-lanceola

336 2898 582 2996 crassiusculis,
614 2901 764 2968 caulibus
787 2903 1042 2991 quadrangulis,
1070 2896 1284 2993 pedunculisu

334 2984 458 3052 litarirs
495 3008 538 3051 ex
575 2985 783 3052 dichotcmia
818 2989 923 3053 caulis
959 2989 1042 3056 lolio
1081 2986 1284 3076 triptolongur

251 3133 254 3138 ,
336 3071 400 3138 bus
422 3070 560 3138 demum
580 3073 734 3156 reflexis,
767 3073 881 3161 calyce
902 3075 1084 3144 aubenervi
1110 3083 1203 3138 acuto
1219 3059 1284 3156 patal

220 3167 227 3178 ‘
335 3157 505 3224 breviore.
552 3159 712 3224 Willden.
735 3182 823 3246 spec.
840 3161 892 3248 pl.
916 3182 944 3226 2.
963 3186 1000 3251 p.
1021 3183 1095 3249 712.
1126 3143 1284 3242 Enneth

334 3245 402 3310 Ac.
427 3241 561 3308 Hondl.
588 3243 689 3330 1807..
704 3268 739 3328 p.
761 3247 835 3312 225.
885 3247 940 3314 Ft.
963 3247 1059 3314 Don.
1082 3257 1105 3310 t.
1127 3243 1195 3332 978.
1234 3234 1284 3300 Fu

336 3327 493 3478 {rollanni
519 3331 634 3481 P'374⁸
672 3329 818 3396 Wahlo.
836 3333 976 3421 gotbob.
998 3359 1037 3422 p.
1059 3332 1111 3399 44.
1157 3320 1284 3396 Walter

351 3439 374 3478 a
421 3458 433 3482 ο
462 3437 496 3480 na
519 3434 558 3479 22
583 3459 592 3478 ο

275 3437 454 3566 'Ilabi'piu
481 3499 657 3586 aggeribus
687 3499 845 3566 fucorum
875 3502 1079 3569 littoralibus
1107 3501 1149 3566 ad
1171 3489 1284 3564 Saltvilt

337 3583 505 3738 paroeciae
533 3586 779 3673 Liiddeliiping
800 3587 946 3672 alibique
968 3585 1131 3654 Scaniae
1154 3581 1284 3647 occident

353 3672 399 3752 io,
435 3670 474 3734 ad
499 3671 676 3739 Halmstad
707 3673 972 3753 Hallandiae‚
1009 3689 1105 3741 extra
1132 3663 1284 3754 Giithebor⁸

245 3761 247 3766 ’
339 3755 485 3842 denique
512 3771 604 3822 trans
633 3758 723 3846 alpc's
753 3759 792 3823 ad
813 3760 1059 3828 Nordlandiam
1080 3770 1113 3824 et
1134 3744 1284 3822 Finmartu

336 3840 544 3929 frequenter.

299 3928 400 3991 Radix
418 3950 520 3991 annua
534 3933 599 3996 fera
618 3939 654 3991 ut
675 3930 895 4012 praecedentis.
941 3931 1047 3993 Planta
1066 3923 1257 4012 magnitudine
1272 3935 1284 3974 ἢ
