2602 4674
364 303 690 386 corruerent
912 387 915 404 ,
999 307 1077 384 ‘ssa

88 509 252 580 maximam
282 507 416 600 perteus
443 509 573 578 Sveciae
596 512 734 600 reliqua
759 509 867 600 magis
887 509 1078 579 occidente-

86 599 119 664 lis
143 623 159 664 a
182 596 354 682 Bleklngia
383 609 417 662 et
444 599 566 664 Scenia
591 598 632 663 ad
654 598 853 680 Bahusiarn,
885 596 1078 685 Vestrogo-
1143 605 1146 610 “

86 685 184 762 thiens,
206 683 379 750 Neritiem
403 691 437 750 et
456 683 663 772 Uplendiem
684 683 882 751 interiorem
899 681 931 749 lr
975 705 1076 764 neusa

86 771 132 835 sed
151 769 224 836 dein
247 769 307 835 vix
328 767 393 835 uisi
425 789 535 860 prope
556 791 653 836 mare
674 769 935 859 septentrionale
993 769 1078 836 ord-

85 855 185 920 lendiae
209 854 347 944 passim.
611 869 614 876 “

60 939 150 1004 ltadicis
168 946 258 1004 tuber
278 941 486 1024 magnitudine
509 938 632 1001 circiter
651 941 738 1002 nucis
759 939 934 1019 Avellanne,
954 940 988 1002 in
1004 961 1077 1002 cen-

36 1034 63 1086 tro
77 1031 178 1090 omnino
202 1028 336 1089 solidum
361 1039 393 1090 et
415 1029 536 1101 elbum,
559 1029 662 1108 potius
683 1029 862 1091 dulcescens
880 1051 971 1112 quam
991 1047 1075 1088 erns-

36 1115 103 1190 n'cens,
121 1117 180 1200 (nec'
194 1117 287 1182 Arist.
309 1118 464 1176 labacrum
485 1112 544 1172 Off.
566 1115 752 1195 suppetiens,
772 1111 855 1176 unde
876 1136 991 1176 nornen
1011 1135 1076 1176 ver.

37 1201 117 1284 minoris
136 1205 209 1262 male
231 1199 426 1284 desumtum).
472 1199 574 1261 Herba
601 1223 661 1281 quo
682 1203 784 1266 minor
805 1224 842 1262 eo
866 1201 959 1263 etiam
981 1201 1078 1282 magis
1169 1195 1174 1206 '

36 1287 174 1363 glaucescens
199 1290 252 1350 vel
276 1289 379 1368 potius
401 1287 500 1347 caesia
521 1283 589 1369 (sub
610 1287 832 1367 glaucescentia
853 1291 980 1350 obscure
1002 1287 1078 1348 viri-

36 1372 74 1454 dis).
103 1373 176 1434 Folia
197 1375 292 1434 radiis
312 1373 446 1455 aequalis
468 1373 668 1453 longitudinis
689 1375 823 1434 strictius
844 1384 962 1435 terneta
986 1395 1077 1456 quun

19 1389 52 1530 lit
66 1463 250 1537 praecedente.
299 1461 454 1521 Bructeae·
474 1461 513 1519 ob
535 1459 664 1520 eandem
692 1461 862 1542 analogiam
884 1481 1005 1520 trusum
1028 1461 1078 1520 la·
1159 1478 1163 1486 “

36 1544 103 1620 iores,
131 1569 186 1628 quo
207 1547 343 1628 majores
368 1567 405 1606 eo
426 1545 520 1624 magis
545 1545 634 1606 fissae
662 1548 695 1606 in
719 1547 879 1606 maritimis
904 1560 978 1622 etc,
1014 1566 1083 1627 quo,

35 1630 120 1691 ninores
149 1655 184 1694 co
212 1635 309 1711 magis
335 1633 550 1715 integerrimae
583 1632 616 1691 in
642 1633 795 1692 montenis
826 1634 917 1694 etism
942 1633 1079 1693 summis.

18 1709 97 1808 {dores
112 1719 198 1784 iidem
227 1721 295 1780 sere
323 1738 446 1799 semper
468 1719 805 1794 mbicundo-riolacei,
833 1720 889 1781 vix
911 1719 1080 1779 semiuncia

18 1797 148 1884 ,torporem
166 1805 269 1887 primo
291 1826 366 1868 vere
390 1805 589 1886 prodeuntes.
610 1837 654 1852 -
673 1805 805 1866 Nericiis
832 1799 1025 1869 Nunnetirt.

159 1957 326 2024 ,onum
373 1932 887 2009 OCTANDRIA.

17 2127 54 2150 ,,
251 2059 328 2127 286.
375 2060 798 2130 consonus.
864 2031 1180 2138 Zau-2:142(

17 2185 18 2216 ε
36 2137 160 2210 iugem
177 2150 249 2202 Scir·
257 2168 282 2200 n.
295 2150 520 2218 1155.Deeand.fl
533 2151 574 2218 st.
582 2164 606 2214 3.
614 2169 641 2220 p.
651 2164 710 2214 455.
724 2149 820 2202 Genu.
829 2149 867 2214 ft.
877 2164 899 2205 1.
908 2168 935 2220 p·
943 2163 1005 2212 194.
1016 2167 1036 2206 r.
1044 2159 1079 2204 62

35 2218 101 2317 ltlyr
119 2226 372 2375 pentuphpllus,
394 2228 597 2328 persistens:
632 2227 757 2296 foliolis
780 2227 912 2292 duobus
933 2227 1084 2296 inte1·io·.

53 2307 118 2373 ribus
139 2312 260 2395 majori
286 2335 325 2377 us
348 2336 499 2402 prunum
520 2315 696 2390 coloratis,
718 2313 856 2380 demum
874 2311 1079 2382 virescenti·

54 2387 95 2454 bns
117 2397 337 2482 grandelactis
368 2399 539 2487 capsulam
566 2399 695 2464 alarum
716 2399 822 2464 instar
841 2400 1077 2488 amplectenti·
1142 2449 1145 2456 -

52 2473 101 2571 bus.
138 2482 280 2547 ‚corolla
317 2484 400 2548 tubo
439 2479 544 2568 supra'
571 2483 650 2550 fisso
678 2483 814 2552 inferne
845 2485 1074 2554 staminifero:

19 2631 20 2634 ,
52 2557 129 2629 tuto
157 2567 292 2650 trifid03
326 2568 415 2636 labio
440 2567 559 2633 infimo
587 2569 744 2635 antherus
775 2569 983 2652 includente,
1016 2595 1076 2638 su-

53 2665 132 2730 perne
159 2652 297 2718 cristato.
323 2653 391 2741 (vel
421 2654 456 2718 in
479 2675 569 2740 spec.
600 2666 687 2721 extr.
711 2653 881 2742 imberbi).
929 2657 1075 2745 Capsule

52 2731 218 2818 abcondita,
251 2739 460 2817 bilooularis3
489 2739 723 2806 loculamentis
748 2746 1008 2826 monospermis.
1031 2778 1076 2795 -

16 2817 18 2906 l
52 2812 160 2914 ilerdae
186 2823 305 2890 radice
330 2824 491 2911 perenni,
514 2823 620 2924 soliis
644 2827 804 2892 indivisis
824 2827 1076 2918 subintegerri-

16 2913 18 2958 ς
52 2919 97 2965 mss
116 2909 270 2988 alternis,
295 2907 383 2997 flore
412 2909 542 2998 (Socors
563 2910 899 2998 Korsblommo)
929 2927 971 2978 et
990 2937 1075 3000 cop·
1104 2912 1108 2924 ‘

50 2988 106 3083 tulo
130 2989 214 3060 Orrl.
246 3007 317 3060 not.
346 3016 397 3060 22.
424 2995 685 3062 Personcrtis
715 2997 863 3075 similes,
891 2998 952 3064 sert
969 2999 1076 3065 semi-

51 3072 124 3136 mlus
141 3082 254 3164 potius
277 3079 531 3146 Tricoccarum.
827 3077 834 3086 ’
1227 3124 1244 3159 ,ε

27 3145 346 3231 ttt.P01.YGALA
370 3166 549 3254 vulgaris:
580 3163 718 3229 floribus
746 3161 889 3228 cristatis
918 3163 1106 3228 racemo-s
1123 3213 1128 3220 -
1145 3159 1189 3218 -Ῑ
1202 3157 1259 3208 ”·’“

80 3243 131 3323 sis,
152 3251 211 3314 alis
237 3251 399 3338 calycinis
422 3253 584 3316 corollam
610 3247 915 3314 subexcedeutibus
937 3249 1075 3316 demum

80 3337 202 3417 capsula
231 3336 338 3402 sessili
363 3336 506 3400 obovata
529 3335 754 3419 longioribus,
788 3332 878 3398 foliis
899 3333 1076 3399 inferiori-

80 3413 130 3480 bus
151 3421 341 3486 lenceolatis
362 3419 477 3488 acutis.
525 3421 630 3485 Lino.
655 3445 741 3486 svec.
765 3444 798 3484 n.
822 3420 895 3484 652.
922 3443 1009 3506 spec.
1025 3422 1075 3508 pl.

79 3501 120 3566 etl.
139 3506 251 3570 Willd.
274 3507 305 3571 5.
327 3531 361 3594 p.
383 3506 458 3584 875.
505 3506 658 3572 Decumi.
675 3507 795 3593 prodr.
812 3516 884 3568 not.
906 3530 933 3570 r.
947 3529 985 3593 p.
999 3506 1074 3572 524.

80 3583 161 3653 Flor.
185 3590 280 3655 Dan.
304 3602 329 3657 t.
351 3591 425 3658 516.
953 3639 955 3646 =

50 3662 118 3734 Hab.
140 3673 171 3738 in
191 3676 324 3763 pascuis
345 3688 379 3742 et
422 3676 501 3742 ratis
522 3674 717 3742 siccioribus
738 3670 809 3736 sere
829 3672 930 3738 totius
948 3672 1074 3744 svectn

80 3757 140 3822 scil.
162 3783 180 3826 a
203 3763 321 3828 Scauia
342 3762 382 3828 ad
397 3700 661 3830 R'ermlendiam
684 3759 891 3847 superiorem
912 3773 946 3828 et
962 3761 1075 3838 Norr7

16 3859 17 3934 t
80 3837 212 3914 lendium
233 3848 443 3937 frequenter.

91 4120 96 4133 t
