2766 4684
395 339 751 432 acarnanum
823 417 825 426 a
1040 333 1114 426 tas

95 557 167 622 Hah.
196 525 230 620 in
252 555 430 644 paludibus
460 551 591 640 frigidis
620 553 747 641 alpium
777 550 1053 642 Lapponicarum
1080 559 1115 616 et

124 641 248 726 reliquas
270 643 530 730 Lapponiae‚
556 639 725 726 totiusque
746 637 1030 705 Norrlandiae
1052 637 1116 701 de·
1179 671 1181 676 ·

124 729 272 793 scendens
306 751 412 814 usque
442 730 482 793 ad
517 723 729 810 llamtdnger
754 724 1004 811 vulgatissime;
1040 723 1118 789 dein
1153 801 1156 808 ,

82 814 497 899 ,perDalekarliam
522 813 797 899 adjacentemque
818 811 990 895 regionem
1013 807 1118 878 ferri-
1180 863 1185 869 .
1266 859 1285 890 ·.

121 911 307 976 montanam
346 898 644 986 Vestmanniae
685 921 794 985 prope
826 897 1118 982 Skinskattebergt

42 1033 43 1048 t
123 1005 178 1068 per
203 985 535 1054 Vermlandiam
566 986 667 1048 etiam
697 984 994 1062 l'ercimontanam‚
1025 982 1120 1049 Da·
1198 1035 1205 1046 .

122 1069 218 1150 liam
251 1071 423 1147 altiorem,
467 1067 826 1155 Vestrogothiam
867 1092 920 1133 ex.
951 1091 1001 1154 gt.
1027 1067 1119 1132 inter

123 1155 210 1220 Stora
236 1155 379 1243 dega
409 1169 440 1223 et
472 1158 650 1242 Algutstot·
685 1203 694 1228 ,
725 1160 765 1220 ad
797 1153 1033 1240 Giitheborg„
1057 1175 1119 1220 nec

122 1261 181 1304 nou
202 1243 346 1328 denique
371 1267 433 1330 per
454 1243 627 1310 Smolan
639 1179 748 1306 (liam
774 1241 1013 1308 occidentalem
1036 1263 1121 1305 ver·

122 1348 170 1388 sus
190 1329 376 1396 Hellandiae
401 1330 542 1401 limitem
563 1351 670 1414 usque
691 1327 732 1393 ad
752 1328 940 1394 terminum
963 1327 1120 1414 superio·
1167 1363 1170 1370 =

122 1434 187 1475 rem
210 1415 350 1502 Carpini
375 1416 591 1500 frequenter,
614 1414 670 1477 sed
694 1411 730 1474 in
752 1415 864 1479 eadem
887 1412 1061 1500 provincia
1080 1437 1122 1477 ο·
1175 1409 1209 1480 ’ἶ

42 1563 43 1568 ,
120 1495 257 1564 cientem
280 1524 399 1564 versus
421 1502 531 1565 rachis
550 1520 656 1582 usque
677 1497 717 1560 ad
740 1497 894 1564 Statelttt·
911 1508 945 1561 et
962 1497 1120 1564 Lenhol·

122 1582 176 1730 ἐκ
199 1609 261 1650 uec
282 1587 360 1652 dein
381 1587 447 1652 nisi
468 1582 724 1652 sudet-mannia
746 1584 789 1650 ad
811 1584 971 1653 Acidulas
991 1581 1122 1659 Wiks-
1145 1632 1146 1640 κ

140 1695 172 1734 ei·
212 1695 304 1736 raro.
989 1720 992 1726 .

92 1694 192 1818 truisi
207 1762 301 1820 unius
321 1759 487 1820 alteriusve
508 1758 596 1840 pedis
617 1757 793 1832 altitudine,
817 1757 986 1822 Dalecarlis
1010 1753 1123 1843 FJelln

67 1860 126 1922 copo
152 1843 263 1926 (Norv.
296 1856 327 1906 et
354 1847 403 1906 lst„
436 1841 582 1931 Rape),
626 1844 732 1906 Svecis
761 1844 936 1926 Lapponiae
965 1843 1122 1930 Rypris,

67 1925 227 1994 lentlandiae
249 1930 487 2018 Koirringris,
509 1928 728 2015 Kcillingris,
756 1931 1004 1994 Vestrobottniae
1029 1935 1124 1997 meri·

68 2012 161 2078 dionalis
182 2017 347 2106 Klingris
379 2019 430 2100 (an
453 2020 492 2078 ob
511 2017 586 2078 lolia
604 2019 830 2098 quodammodo
850 2018 989 2105 sonora),
1011 2019 1122 2082 Verm-
1169 2027 1174 2042 ³

66 2097 152 2163 landiae
167 2103 321 2191 ‘Vivnng
352 2103 423 2187 (quo
442 2104 566 2166 nomine
587 2103 722 2184 Norvegi
747 2105 820 2168 Sol.
847 2107 1125 2170 Dulcamaram'

68 2183 179 2266 alicam,
203 2193 279 2252 alias
301 2188 340 2254 V
337 2187 523 2276 moretiel),
548 2191 741 2252 Smolandiae
761 2188 1126 2282 Ldngfredngslijdnk·

67 2267 125 2332 lolia
146 2279 328 2358 plerumque
357 2277 450 2356 digito
472 2277 600 2338 minimo
623 2279 796 2358 angustiora
816 2281 867 2340 vel
893 2281 1030 2343 filineaa
1049 2281 1125 2356 tata,

68 2361 169 2432 paullum
195 2365 335 2430 nitentia.
379 2366 508 2424 Amenta
529 2363 664 2424 feminea
686 2383 806 2444 semper
826 2376 940 2441 erecta,
973 2367 1054 2428 foliis
1070 2367 1126 2429 ali-

67 2457 176 2519 quantum
202 2449 386 2526 eminentia3
415 2449 591 2510 seminifera
620 2452 685 2512 lere
713 2461 808 2513 ovata.
853 2451 975 2514 Semina
1004 2473 1126 2538 quoque
1161 2508 1168 2530 ,

68 2542 131 2591 ovata
145 2538 285 2600 crassiori
301 2547 333 2598 et
353 2536 520 2616 aiigustiori
538 2534 586 2598 alai
602 2537 726 2598 infernev
746 2539 887 2618 praedita
905 2539 1056 2619 simulque
1076 2543 1126 2604 ni-

68 2618 135 2679 tentia
156 2625 219 2685 lere
249 2635 285 2681 ut
313 2625 346 2684 in
369 2624 505 2682 Carice
530 2623 722 2701 capitata,
746 2625 878 2706 squamis
902 2625 964 2686 suis
986 2645 1052 2686 non
1074 2649 1127 2692 oc.

71 2702 155 2765 cdtata.
199 2712 333 2770 Ameuta
353 2710 488 2772 mascula
508 2709 542 2769 in
563 2709 654 2770 nudis
672 2711 798 2770 ramulis
819 2711 898 2773 infra
918 2713 1049 2775 feminas
1072 2735 1129 2774 ex.

70 2799 124 2884 eunt
141 2813 152 2851 e
167 2797 298 2877 gemmis
320 2797 470 2878 propriis,
499 2817 571 2879 quas
592 2807 670 2854 totas
690 2797 812 2876 replent
834 2799 899 2868 fere
920 2809 956 2858 ut
982 2801 1016 2860 in
1038 2801 1127 2865 Car.

67 2891 134 2949 pmo
148 2902 173 2942 v.
190 2884 357 2965 Myrina,
383 2903 505 2962 semper
526 2893 627 2944 erecta
648 2894 780 2944 manent.
807 2885 1012 2948 Hicdiversus
1026 2888 1128 2952 exitus
1227 2935 1230 2947 .

70 2968 91 3016 et
106 2965 165 3026 situs
185 2970 411 3043 Masculorum,
432 2970 563 3030 flosculo
584 2973 712 3031 tantu'm'
724 2972 863 3032 tetrando
886 2972 1019 3052 simplici
1038 2993 1130 3052 prae-

68 3045 172 3112 ditorum
205 3055 414 3118 diversitatem
446 3056 614 3136 generioam
652 3065 755 3116 tamen
787 3057 909 3116 efficere
940 3078 1003 3117 non
1032 3059 1128 3146 valet,

68 3151 119 3195 oum
135 3161 237 3202 semen
261 3153 292 3203 et
314 3151 378 3202 tots
399 3141 594 3204 fructificatio
617 3140 750 3202 leminea
774 3143 899 3204 omnino
919 3143 1056 3208 Betulae.
1120 3163 1122 3170 “

347 3259 827 3384 menoeceus

82 3404 141 3460 lina·
151 3431 207 3480 gen.
219 3419 259 3466 ed.
270 3412 455 3481 Scina-1447.
476 3413 554 3476 Just·
561 3431 619 3480 gen.
627 3432 652 3477 p.
662 3411 721 3462 450.
746 3411 839 3466 Gaeitn.
850 3412 949 3476 fr.1,p.
964 3409 1018 3466 182,
1030 3426 1050 3469 ε,
1059 3407 1103 3480 57,

65 3482 186 3555 Amenta
212 3517 297 3560 sexu
320 3490 875 3576 distincta‚'ut1·aquefililoimia:
907 3491 1054 3560 flosculis
1075 3517 1132 3559 re..
1178 3502 1183 3509 ·

93 3576 255 3654 gata-ibus
280 3577 453 3643 distinctis.
499 3578 643 3642 Masculi
668 3577 796 3662 calyces
821 3576 920 3641 divisi
951 3578 987 3643 in
1012 3589 1063 3642 tot
1083 3581 1133 3640 lsi-'-

95 3659 186 3726 ninias
219 3676 302 3750 quot
323 3666 480 3728 stamina.
523 3662 677 3727 Feminei
701 3664 831 3748 calyces
854 3663 963 3729 obtusi
984 3662 1132 3752 squamis

96 3742 273 3815 imbricatis
298 3750 456 3822 minutia,
492 3769 634 3830 quarum
667 3769 833 3834 supremas
855 3749 1076 3814 coalescentes
1098 3745 1133 3810 in

95 3837 274 3918 marginem
300 3837 469 3902 sexfidum
495 3834 633 3896 demum
656 3832 717 3896 sub'
740 3834 828 3920 stylo
850 3834 964 3902 trifido
986 3835 1020 3898 in
1040 3831 1134 3924 apice

97 3921 183 3983 nucis
214 3921 380 3988 relictum.
428 3921 512 3994 Nux
541 3919 631 3983 inter
662 3917 792 4012 apicem
825 3922 914 3987 hunc
936 3917 1134 3987 coronatum
